<record><leader>00000cas a22000007a 4500</leader><controlfield tag="001">10787837</controlfield><controlfield tag="008">840530c19769999tnuwr ne      0   a0eng d</controlfield><datafield ind1=" " ind2=" " tag="010"><subfield code="a">sn 84005438 </subfield></datafield><datafield ind1=" " ind2=" " tag="040"><subfield code="a">NSD</subfield><subfield code="b">eng</subfield><subfield code="c">NSD</subfield><subfield code="d">TGN</subfield><subfield code="d">OCLCQ</subfield><subfield code="d">OCLCF</subfield><subfield code="d">OCLCO</subfield></datafield><datafield ind1=" " ind2=" " tag="012"><subfield code="m">1</subfield></datafield><datafield ind1="1" ind2=" " tag="022"><subfield code="a">0747-3761</subfield><subfield code="l">0747-3761</subfield><subfield code="2">1</subfield></datafield><datafield ind1="1" ind2=" " tag="029"><subfield code="a">AU@</subfield><subfield code="b">000024692630</subfield></datafield><datafield ind1=" " ind2=" " tag="032"><subfield code="a">173220</subfield><subfield code="b">USPS</subfield></datafield><datafield ind1=" " ind2=" " tag="037"><subfield code="b">Lakeway Publishers, 418 N. Elk Ave., Fayetteville, TN 37334</subfield></datafield><datafield ind1=" " ind2=" " tag="042"><subfield code="a">nsdp</subfield><subfield code="a">msc</subfield></datafield><datafield ind1=" " ind2=" " tag="043"><subfield code="a">n-us-tn</subfield></datafield><datafield ind1=" " ind2="4" tag="222"><subfield code="a">The Elk Valley times, observer and news</subfield></datafield><datafield ind1="0" ind2="4" tag="245"><subfield code="a">The Elk Valley times, observer and news.</subfield></datafield><datafield ind1="1" ind2=" " tag="246"><subfield code="i">Title appears as:</subfield><subfield code="a">Elk Valley times and observer</subfield><subfield code="f">Apr. 11-May 11, 1984</subfield></datafield><datafield ind1="3" ind2=" " tag="246"><subfield code="a">Elk Valley times, observer &amp; news</subfield></datafield><datafield ind1="1" ind2="7" tag="246"><subfield code="a">Elk Valley times &amp; observer</subfield><subfield code="f">Dec. 10, 1982-Nov. 1, 1995</subfield></datafield><datafield ind1=" " ind2=" " tag="260"><subfield code="a">Fayetteville, Tenn. :</subfield><subfield code="b">Lakeway Publishers,</subfield><subfield code="c">1976-</subfield></datafield><datafield ind1=" " ind2=" " tag="310"><subfield code="a">Weekly,</subfield><subfield code="b">May 23, 1984-</subfield></datafield><datafield ind1=" " ind2=" " tag="321"><subfield code="a">Semiweekly,</subfield><subfield code="b">Nov. 9, 1976-May 16, 1984</subfield></datafield><datafield ind1="0" ind2=" " tag="362"><subfield code="a">126th year, no. 35 (Nov. 9, 1976)-</subfield></datafield><datafield ind1=" " ind2=" " tag="580"><subfield code="a">Formed by the union of: Elk Valley times and observer, and: Lincoln County news (Fayetteville, Tenn. : 1915).</subfield></datafield><datafield ind1=" " ind2="0" tag="651"><subfield code="a">Fayetteville (Tenn.)</subfield><subfield code="v">Newspapers.</subfield></datafield><datafield ind1=" " ind2="0" tag="651"><subfield code="a">Lincoln County (Tenn.)</subfield><subfield code="v">Newspapers.</subfield></datafield><datafield ind1=" " ind2="7" tag="655"><subfield code="a">Newspapers.</subfield><subfield code="2">fast</subfield><subfield code="0">(OCoLC)fst01423814</subfield></datafield><datafield ind1=" " ind2="7" tag="651"><subfield code="a">Tennessee</subfield><subfield code="z">Fayetteville.</subfield><subfield code="2">fast</subfield><subfield code="0">(OCoLC)fst01224996</subfield></datafield><datafield ind1=" " ind2="7" tag="651"><subfield code="a">Tennessee</subfield><subfield code="z">Lincoln County.</subfield><subfield code="2">fast</subfield><subfield code="0">(OCoLC)fst01229893</subfield></datafield><datafield ind1=" " ind2=" " tag="752"><subfield code="a">United States</subfield><subfield code="b">Tennessee</subfield><subfield code="c">Lincoln</subfield><subfield code="d">Fayetteville.</subfield></datafield><datafield ind1="1" ind2="4" tag="780"><subfield code="t">Elk Valley times and observer</subfield><subfield code="w">(DLC)sn 97065083</subfield></datafield><datafield ind1="1" ind2="4" tag="780"><subfield code="t">Lincoln County news (Fayetteville, Tenn. : 1915)</subfield><subfield code="w">(DLC)sn 97065082</subfield></datafield></record>